%02 12 2014

@article{Colbert_2011,
 author = "Colbert, LH. and Matthews, CE. and Havighurst, TC. and Kim, K. and Schoeller, DA.",
 title = "Comparative validity of physical activity measures in older adults",
 journal = "Med. Sci. Sports Exerc.",
 year = "2011",
 volume = "43",
 pages = "867--876",
}

@article{Mackey_2011,
 author = "Mackey, DC. and Manini, TM. and Schoeller, DA. and Koster, A. and Glynn, NW. and Goodpaster, BH. and Satterfield, S. and Newman, AB. and Harris, TB. and Cummings, SR.",
 title = "Validation of an armband to measure daily energy expenditure in older adults",
 journal = "J. Gerontol. A Biol. Sci. Med. Sci.",
 volume = "66",
 year = "2011",
 pages = "1108--1113",
}

%revise author
@article{Furlanetto_2010,
 author = {Furlanetto, KC. and Bisca, GW. and Oldemberg, N. and Sant'anna, TJ. and Morakami, FK. and Camillo, CA. and Cavalheri, V. and Hernandes, NA. and Probst, VS. and Ramos, EM.},
 title = {Step counting and energy expenditure estimation in patients with chronic obstructive pulmonary disease and healthy elderly: Accuracy of 2 motion sensors},
 journal = {Arch. Phys. Med. Rehabil.},
 volume = {91},
 year = {2010},
 pages = {261--267},
} 

@article{Cavalheri_2011,
 author = {Cavalheri, V. and Donaria, L. and Ferreira, T. and Finatti, M. and Camillo, CA. and Cipulo Ramos, EM. and Pitta, F.},
 title = {Energy expenditure during daily activities as measured by two motion sensors in patients with copd},
 journal = {Respir. Med.},
 volume = {105},
 year = {2011},
 pages = {922--929},
} 

@article{Watz_2009,
 author = {Watz, H. and Waschki, B. and Meyer, T.and Magnussen H.},
 title = {Physical activity in patients with copd},
 journal = {Eur. Respir. J.},
 volume = {33},
 year = {2009},
 pages = {262--272},
} 

@article{Garber_2011,
 author = {Garber, CE. and Blissmer, B. and Deschenes, MR. and Franklin, BA. and Lamonte, MJ. and Lee,IM. and Nieman, DC. and Swain, DP.},
 title = {American college of sports medicine position stand. Quantity and quality of exercise for developing and maintaining cardiorespiratory, musculoskeletal, and neuromotor fitness in apparently healthy adults: Guidance for prescribing exercise},
 journal = {Med. Sci. Sports Exerc.},
 volume = {43},
 year = {2011},
 pages = {1334--1359},
} 

@article{Sharif_2013,
author = {Sharif, Munir. and BaHammam, Ahmed.},
title =  {Sleep estimation using BodyMedia's SenseWeare armband in patients with obstructive sleep apnea},
journal  ={Annals of Thoracic Medicine},
volume ={8},
number ={1},
year  = {2013},
pages  = {53-57},
}

@article{Hill_2010,
author = {Hill, Kylie and Dolmage, Thomas E and Woon, Lynda and Goldstein, Roger and Brooks, Dina}, 
title = {Measurement properties of the SenseWear armband in adults with chronic obstructive pulmonary disease},
volume = {65}, 
number = {6}, 
pages = {486-491}, 
year = {2010}, 
journal = {Thorax} 
}

@inproceedings{Cai_2010,
author={Cai, Deng and Zhang, Chiyuan and He, Xiaofei},
title={Unsupervised feature selection for multi-cluster data},
booktitle={16th International conference on Knowledge discovery and data mining},
year={2010},
}

@article{Luxburg_2010,
year = {2010},
volume = {2},
journal = {Foundations and Trends in Machine Learning},
title = {Clustering Stability: An Overview},
number = {3},
pages = {235-274},
author = {Ulrike von Luxburg}
}

@inproceedings{Huynh_2008,
 author = {Huynh, T\^{a}m and Fritz, Mario and Schiele, Bernt},
 title = {Discovery of Activity Patterns Using Topic Models},
 booktitle = {Proceedings of the 10th International Conference on Ubiquitous Computing},
 series = {UbiComp '08},
 year = {2008},
 pages = {10--19},
 } 

@article{Farrahi_2011,
 author = {Farrahi, Katayoun and Gatica-Perez, Daniel},
 title = {Discovering Routines from Large-scale Human Locations Using Probabilistic Topic Models},
 journal = {ACM Trans. Intell. Syst. Technol.},
 volume = {2},
 number = {1},
 year = {2011},
 pages = {3:1--3:27},
}

@INPROCEEDINGS{Sun_2014, 
author={Feng-Tso Sun and Yi-Ting Yeh and Heng-Tze Cheng and Kuo, C. and Griss, M.}, 
booktitle={Pervasive Computing and Communications (PerCom), 2014 IEEE International Conference on}, 
title={Nonparametric discovery of human routines from sensor data}, 
year={2014}, 
pages={11-19}, 
}

@article{Blei_2003,
 author = {Blei, David M. and Ng, Andrew Y. and Jordan, Michael I.},
 title = {Latent Dirichlet Allocation},
 journal = {J. Mach. Learn. Res.},
 volume = {3},
 year = {2003},
 pages = {993--1022},
} 

@article{Eagle_2009,
year={2009},
journal={Behavioral Ecology and Sociobiology},
volume={63},
number={11},
title={Eigenbehaviors: identifying structure in routine},
author={Eagle, Nathan and Pentland, AlexSandy},
pages={1689-1689},
}

@inproceedings{Zheng_2012,
 author = {Zheng, Jiangchuan and Ni, Lionel M.},
 title = {An Unsupervised Framework for Sensing Individual and Cluster Behavior Patterns from Human Mobile Data},
 booktitle = {Proceedings of the 2012 ACM Conference on Ubiquitous Computing},
 series = {UbiComp '12},
 year = {2012},
} 

@ARTICLE{Seiter_2014,
  author = {Julia Seiter and Oliver Amft and Mirco Rossi and Gerhard Troster},
  title = {Discovery of activity composites using topic models: An analysis of unsupervised methods },
  journal = {Pervasive and Mobile Computing },
  year = {2014},
  volume = {15},
  pages = {215 - 227},
  number = {0},
}

@article{Seymour_2009,
author = {Seymour, JM and Spruit, MA and Hopkinson, NS and Sathyapala, A and Man, WD-C and Jackson, A and Gosker, HR and Schols, AMWJ and Moxham, J and Polkey, MI and Wouters, EFM},
journal = {AJRCCM},
title = {The Prevalence of Quadriceps Weakness in COPD and the Relationship with Disease Severity},
volume = {179},
year = {2009}
}

@article{Verboom_2011,
  author = {Graat-Verboom, Lidwien and van den Borne, Ben EEM and Smeenk, Frank
	WJM and Spruit, Martijn A and Wouters, Emiel FM},
  title = {Osteoporosis in COPD outpatients based on bone mineral density and
	vertebral fractures},
  journal = {Journal of Bone and Mineral Research},
  year = {2011},
  volume = {26},
  pages = {561--568},
  number = {3},
}

@article{Garcia_2006,
author = {Garcia-Aymerich, J and Lange, P and Benet, M and Schnohr, P and Antó, J M}, 
title = {Regular physical activity reduces hospital admission and mortality in chronic obstructive pulmonary disease: a population based cohort study},
volume = {61}, 
number = {9}, 
pages = {772-778}, 
year = {2006}, 
journal = {Thorax},
}

@ARTICLE{Pitta_2006,
  author = {Pitta, Fabio and Troosters, Thierry and Probst, Vanessa S. and Spruit,
	Martijn A. and Decramer, Marc and Gosselink, Rik},
  title = {PHysical activity and hospitalization for exacerbation of copd*},
  journal = {Chest},
  year = {2006},
  volume = {129},
  pages = {536-544},
  number = {3},
}

@ARTICLE{Waschki_2011,
  author = {Waschki, Benjamin and Kirsten, Anne and Holz, Olaf and MÃ¼ller, Kai-Christian
	and Meyer, Thorsten and Watz, Henrik and Magnussen, Helgo},
  title = {Physical activity is the strongest predictor of all-cause mortality
	in patients with copd: A prospective cohort study},
  journal = {Chest},
  year = {2011},
  volume = {140},
  pages = {331-342},
  number = {2},
}

@article{Vorrink_2011,
year={2011},
journal={Respiratory Research},
volume={12},
number={1},
title={Level of daily physical activity in individuals with COPD compared with healthy controls},
author={Vorrink, SigridNW and Kort, HeliantheSM and Troosters, Thierry and Lammers, Jan-WillemJ},
}

@ARTICLE{Waschki_2012,
  author = {Benjamin Waschki and Martijn A. Spruit and Henrik Watz and Paul S.
	Albert and Dinesh Shrikrishna and Miriam Groenen and Cayley Smith
	and William D.-C. Man and Ruth Tal-Singer and Lisa D. Edwards and
	Peter M.A. Calverley and Helgo Magnussen and Michael I. Polkey and
	Emiel F.M. Wouters},
  title = {Physical activity monitoring in COPD: Compliance and associations
	with clinical characteristics in a multicenter study },
  journal = {Respiratory Medicine },
  year = {2012},
  volume = {106},
  pages = {522 - 530},
  number = {4},
}

@ARTICLE{Patel_2007,
  author = {Patel, Sanjay A. and Benzo, Roberto P. and Slivka, William A. and
	Sciurba, Frank C.},
  title = {Activity Monitoring and Energy Expenditure in COPD Patients: A Validation
	Study},
  journal = {COPD: Journal of Chronic Obstructive Pulmonary Disease},
  year = {2007},
  volume = {4},
  pages = {107-112},
  number = {2},
}

@ARTICLE{Pitta_2007,
  author = {Pitta, F. and Troosters, T. and Spruit, M. and Decramer, M. and Gosselink, R.},
  title = {Activity Monitoring for Assessment of Physical Activities in Daily Life in Patients With Chronic Obstructive Pulmonary Disease},
  journal = {Archives of Physical Medicine and Rehabilitation},
  year = {2007},
  volume = {86},
  pages = {1979-1985},
}

@ARTICLE{Bussmann_2013,
 AUTHOR={Bussmann, Johannes B.J.  and  van den Berg - Emons, Rita J.G.},   
TITLE={To total amount of activity ..... and beyond: Perspectives on measuring physical behaviour},      
JOURNAL={Frontiers in Psychology},      
VOLUME={4},      
YEAR={2013},      
NUMBER={463},     
}

@ARTICLE{Caspersen_1985,
 AUTHOR={Caspersen, C.J.  and  Powell, K.E. and Christenson, G.M.},   
TITLE={Physical Activity, Exercise, and Physical Fitness: Definitions and Distinctions for Health-Related Research},      
JOURNAL={Public Health Reports},      
VOLUME={100},      
YEAR={1985},      
NUMBER={2},  
pages = {126-131},
}

@article{Proper_2011,
title = "Sedentary Behaviors and Health Outcomes Among Adults: A Systematic Review of Prospective Studies ",
journal = "American Journal of Preventive Medicine ",
volume = "40",
number = "2",
pages = "174 - 182",
year = "2011",
author = "Karin I. Proper and Amika S. Singh and Willem van Mechelen and Mai J.M. Chinapaw"
}

@article{Thorp_2011,
title = "Sedentary Behaviors and Subsequent Health Outcomes in Adults: A Systematic Review of Longitudinal Studies, 1996–2011 ",
journal = "American Journal of Preventive Medicine ",
volume = "41",
number = "2",
pages = "207 - 215",
year = "2011",
author = "Alicia A. Thorp and Neville Owen and Maike Neuhaus and David W. Dunstan"
}

@article{Wilmot_2012,
year={2012},
journal={Diabetologia},
volume={55},
number={11},
title={Sedentary time in adults and the association with diabetes, cardiovascular disease and death: systematic review and meta-analysis},
publisher={Springer-Verlag},
author={Wilmot, E.G. and Edwardson, C.L. and Achana, F.A. and Davies, M.J. and Gorely, T. and Gray, L.J. and Khunti, K. and Yates, T. and Biddle, S.J.H.},
pages={2895-2905},
}

@article{Troosters_2010,
title = "Physical inactivity in patients with COPD, a controlled multi-center pilot-study ",
journal = "Respiratory Medicine ",
volume = "104",
number = "7",
pages = "1005 - 1011",
year = "2010",
author = "Thierry Troosters and Frank Sciurba and Salvatore Battaglia and Daniel Langer and Srinivas Rao Valluri and Lavinia Martino and Roberto Benzo and David Andre and Idelle Weisman and Marc Decramer",
}

@article{Liao_2014,
title = "Physical activity monitoring in patients with chronic obstructive pulmonary disease",
journal = "J COPD F.",
volume = "1",
number = "2",
pages = "155 - 165",
year = "2014",
author = "Liao, S. and Benzo, R. and Ries, A.L. and Soler, X.",
}

@ARTICLE{Bellos_2014, 
author={Bellos, C.C. and Papadopoulos, A. and Rosso, R. and Fotiadis, D.I.}, 
journal={Biomedical and Health Informatics, IEEE Journal of}, 
title={Identification of COPD Patients Health Status Using an Intelligent System in the CHRONIOUS Wearable Platform}, 
year={2014}, 
month={May}, 
volume={18}, 
number={3}, 
pages={731-738}, 
}

@inproceedings{Beattie_2014,
 author = {Beattie, Mark and Zheng, Huiru and Nugent, Chris and McCullagh, Paul},
 title = {Self-management of COPD: A Technology Driven Paradigm},
 booktitle = {Proceedings of the 8th International Conference on Ubiquitous Information Management and Communication},
 series = {ICUIMC '14},
 year = {2014},
 pages = {53:1--53:8},
 articleno = {53},
 numpages = {8},
} 